<?xml version="1.0" encoding="UTF-8"?><collection xmlns="http://www.loc.gov/MARC21/slim"><record><leader>00342nam--2200133-i-4500</leader><controlfield tag="001">000015874</controlfield><controlfield tag="002">20161230</controlfield><controlfield tag="005">20161230201031</controlfield><controlfield tag="008">060222s1000------------r-----000-0-eng-d</controlfield><datafield ind1=" " ind2=" " tag="080"><subfield code="a">669</subfield></datafield><datafield ind1=" " ind2=" " tag="100"><subfield code="a">Budau, Victor Si Mitelea, Ion</subfield></datafield><datafield ind1=" " ind2=" " tag="245"><subfield code="a">Studiul metalelor.indreptar tehnic</subfield></datafield><datafield ind1=" " ind2=" " tag="260"><subfield code="a">Timisoara, Editura Facla, 1987. 352 P</subfield></datafield><datafield ind1=" " ind2=" " tag="852"><subfield code="a">74154</subfield></datafield></record></collection>